
<record>
<header>
<identifier>oai:revistas.usp.br:article/204900</identifier>
<datestamp>2023-01-20T17:21:06Z</datestamp>
<setSpec>actafisiatrica:Resumos+Exp.</setSpec>
<setSpec>driver</setSpec>
</header>
<metadata>
<record xmlns="http://www.loc.gov/MARC21/slim" xmlns:xsi="http://www.w3.org/2001/XMLSchema-instance" xsi:schemaLocation="http://www.loc.gov/MARC21/slim http://www.loc.gov/standards/marcxml/schema/MARC21slim.xsd">
<leader>     nmb a2200000Iu 4500</leader>
<controlfield tag="008">"221130 2022                        eng  "</controlfield>
<datafield tag="022" ind1="#" ind2="#">
<subfield code="$a">2317-0190</subfield>
</datafield>
<datafield tag="022" ind1="#" ind2="#">
<subfield code="$a">0104-7795</subfield>
</datafield>
<datafield tag="042" ind1=" " ind2=" ">
<subfield code="a">dc</subfield>
</datafield>
<datafield tag="245" ind1="0" ind2="0">
<subfield code="a">Acompanhamento do uso das órteses de membro superior em um Centro de Reabilitação Física durante o período de pandemia Covid-19</subfield>
</datafield>  <datafield tag="720" ind1="1" ind2=" ">
<subfield code="a">Souza, Tatiane Teixeira de Almeida e</subfield>
<subfield code="u">Centro de Medicina de Reabilitação Lucy Montoro de Santos</subfield></datafield>
<datafield tag="720" ind1="1" ind2=" ">
<subfield code="a">Giacomazi, Roberta</subfield>
<subfield code="u">Centro de Medicina de Reabilitação Lucy Montoro de Santos</subfield></datafield>
<datafield tag="720" ind1="1" ind2=" ">
<subfield code="a">Jorge, Vanessa</subfield>
<subfield code="u">Centro de Medicina de Reabilitação Lucy Montoro de Santos</subfield></datafield>
<datafield tag="720" ind1="1" ind2=" ">
<subfield code="a">Matos, Celso Vilella</subfield>
<subfield code="u">Centro de Medicina de Reabilitação Lucy Montoro de Santos</subfield></datafield>
<datafield tag="720" ind1="1" ind2=" ">
<subfield code="a">Silva, Elaine Cristina da</subfield>
<subfield code="u">Centro de Medicina de Reabilitação Lucy Montoro de Santos</subfield></datafield>
<datafield tag="520" ind1=" " ind2=" ">
<subfield code="a"> A Organização Mundial de Saúde (OMS) declarou Pandemia decorrente ao surto da Covid-19 no início de março de 2020 e rapidamente, a doença se espalhou pelo mundo. </subfield>
</datafield>
<datafield tag="260" ind1=" " ind2=" ">
<subfield code="b">Faculdade de Medicina, Universidade de São Paulo</subfield>
</datafield>
<dataField tag="260" ind1=" " ind2=" ">
<subfield code="c">2022-11-30 16:49:33</subfield>
</dataField>   <datafield tag="856" ind1=" " ind2=" ">
<subfield code="q">application/pdf</subfield>
</datafield>
<datafield tag="856" ind1="4" ind2="0">
<subfield code="u">https://www.revistas.usp.br/actafisiatrica/article/view/204900</subfield>
</datafield>  <datafield tag="786" ind1="0" ind2=" ">
<subfield code="n">Acta Fisiátrica; v. 29 n. Supl.1 (2022)</subfield>
</datafield>  <datafield tag="546" ind1=" " ind2=" ">
<subfield code="a">por</subfield>
</datafield>   <datafield tag="540" ind1=" " ind2=" ">
<subfield code="a">Copyright (c) 2022 Acta Fisiátrica</subfield>
</datafield>
</record>
</metadata>
</record>