
<record>
<header>
<identifier>oai:revistas.usp.br:article/204948</identifier>
<datestamp>2023-01-20T17:21:06Z</datestamp>
<setSpec>actafisiatrica:Resumos+Exp.</setSpec>
<setSpec>driver</setSpec>
</header>
<metadata>
<record xmlns="http://www.loc.gov/MARC21/slim" xmlns:xsi="http://www.w3.org/2001/XMLSchema-instance" xsi:schemaLocation="http://www.loc.gov/MARC21/slim http://www.loc.gov/standards/marcxml/schema/MARC21slim.xsd">
<leader>     nmb a2200000Iu 4500</leader>
<controlfield tag="008">"221130 2022                        eng  "</controlfield>
<datafield tag="022" ind1="#" ind2="#">
<subfield code="$a">2317-0190</subfield>
</datafield>
<datafield tag="022" ind1="#" ind2="#">
<subfield code="$a">0104-7795</subfield>
</datafield>
<datafield tag="042" ind1=" " ind2=" ">
<subfield code="a">dc</subfield>
</datafield>
<datafield tag="245" ind1="0" ind2="0">
<subfield code="a">Análise de reabilitações físicas pós-COVID-19 aprovadas no Rio de Janeiro no primeiro semestre de 2022</subfield>
</datafield>  <datafield tag="720" ind1="1" ind2=" ">
<subfield code="a">Silva, Danilo Vitorio Marques da</subfield>
<subfield code="u">Universidade Federal do Rio de Janeiro</subfield></datafield>
<datafield tag="720" ind1="1" ind2=" ">
<subfield code="a">Moore, Mario Alberto do Valle Rocha</subfield>
<subfield code="u">Universidade Federal do Rio de Janeiro</subfield></datafield>
<datafield tag="720" ind1="1" ind2=" ">
<subfield code="a">Vasconcelos, Gustavo Lucena Jordão de</subfield>
<subfield code="u">Universidade Federal do Rio de Janeiro</subfield></datafield>
<datafield tag="720" ind1="1" ind2=" ">
<subfield code="a">Oliveira, Vinicius Gomes Alves de</subfield>
<subfield code="u">Universidade Federal do Rio de Janeiro</subfield></datafield>
<datafield tag="720" ind1="1" ind2=" ">
<subfield code="a">Camerano Neto, Hélio Speranza</subfield>
<subfield code="u">Universidade Federal do Rio de Janeiro</subfield></datafield>
<datafield tag="720" ind1="1" ind2=" ">
<subfield code="a">Oliveira, Vinicius Loures de</subfield>
<subfield code="u">Universidade Federal do Rio de Janeiro</subfield></datafield>
<datafield tag="720" ind1="1" ind2=" ">
<subfield code="a">Souza, Viviane Fernandes Marques de</subfield>
<subfield code="u">Hospital Central da Polícia Militar do Rio de Janeiro</subfield></datafield>
<datafield tag="520" ind1=" " ind2=" ">
<subfield code="a"> O primeiro semestre de 2022 foi o período de maior quantidade de casos de COVID-19 no estado do Rio de Janeiro. Com isso, as manifestações pós-agudas da infecção por SARS-CoV-2 também seguiram a mesma tendência de crescimento. </subfield>
</datafield>
<datafield tag="260" ind1=" " ind2=" ">
<subfield code="b">Faculdade de Medicina, Universidade de São Paulo</subfield>
</datafield>
<dataField tag="260" ind1=" " ind2=" ">
<subfield code="c">2022-11-30 16:49:33</subfield>
</dataField>   <datafield tag="856" ind1=" " ind2=" ">
<subfield code="q">application/pdf</subfield>
</datafield>
<datafield tag="856" ind1="4" ind2="0">
<subfield code="u">https://www.revistas.usp.br/actafisiatrica/article/view/204948</subfield>
</datafield>  <datafield tag="786" ind1="0" ind2=" ">
<subfield code="n">Acta Fisiátrica; v. 29 n. Supl.1 (2022)</subfield>
</datafield>  <datafield tag="546" ind1=" " ind2=" ">
<subfield code="a">por</subfield>
</datafield>   <datafield tag="540" ind1=" " ind2=" ">
<subfield code="a">Copyright (c) 2022 Acta Fisiátrica</subfield>
</datafield>
</record>
</metadata>
</record>