
<record>
<header>
<identifier>oai:revistas.usp.br:article/204957</identifier>
<datestamp>2023-01-20T17:21:06Z</datestamp>
<setSpec>actafisiatrica:Resumos+Exp.</setSpec>
<setSpec>driver</setSpec>
</header>
<metadata>
<record xmlns="http://www.loc.gov/MARC21/slim" xmlns:xsi="http://www.w3.org/2001/XMLSchema-instance" xsi:schemaLocation="http://www.loc.gov/MARC21/slim http://www.loc.gov/standards/marcxml/schema/MARC21slim.xsd">
<leader>     nmb a2200000Iu 4500</leader>
<controlfield tag="008">"221130 2022                        eng  "</controlfield>
<datafield tag="022" ind1="#" ind2="#">
<subfield code="$a">2317-0190</subfield>
</datafield>
<datafield tag="022" ind1="#" ind2="#">
<subfield code="$a">0104-7795</subfield>
</datafield>
<datafield tag="042" ind1=" " ind2=" ">
<subfield code="a">dc</subfield>
</datafield>
<datafield tag="245" ind1="0" ind2="0">
<subfield code="a">Taxa de desenvolvimento de torque dos músculos do cotovelo em pacientes com espinha bífida</subfield>
</datafield>  <datafield tag="720" ind1="1" ind2=" ">
<subfield code="a">Martins, Emanuela Juvenal</subfield>
<subfield code="u">Faculdade de Medicina de Ribeirão Preto da Universidade de São Paulo</subfield></datafield>
<datafield tag="720" ind1="1" ind2=" ">
<subfield code="a">Mattiello-Sverzut, Ana Claudia</subfield>
<subfield code="u">Faculdade de Medicina de Ribeirão Preto da Universidade de São Paulo</subfield></datafield>
<datafield tag="720" ind1="1" ind2=" ">
<subfield code="a">Franco, Camila Scarpino Barboza</subfield>
<subfield code="u">Faculdade de Medicina de Ribeirão Preto da Universidade de São Paulo</subfield></datafield>
<datafield tag="720" ind1="1" ind2=" ">
<subfield code="a">Lemos, Tenysson Will de</subfield>
<subfield code="u">Faculdade de Medicina de Ribeirão Preto da Universidade de São Paulo</subfield></datafield>
<datafield tag="720" ind1="1" ind2=" ">
<subfield code="a">Aagaard, Per</subfield>
<subfield code="u">University of Southern Denmark</subfield></datafield>
<datafield tag="520" ind1=" " ind2=" ">
<subfield code="a"> Espinha bífida (EB) cística é o defeito congênito na coluna vertebral, medula espinhal e cérebro com consequente presença de déficits motores e sensoriais principalmente nos membros inferiores, os quais podem dificultar ou impedir a deambulação independente. </subfield>
</datafield>
<datafield tag="260" ind1=" " ind2=" ">
<subfield code="b">Faculdade de Medicina, Universidade de São Paulo</subfield>
</datafield>
<dataField tag="260" ind1=" " ind2=" ">
<subfield code="c">2022-11-30 16:49:33</subfield>
</dataField>   <datafield tag="856" ind1=" " ind2=" ">
<subfield code="q">application/pdf</subfield>
</datafield>
<datafield tag="856" ind1="4" ind2="0">
<subfield code="u">https://www.revistas.usp.br/actafisiatrica/article/view/204957</subfield>
</datafield>  <datafield tag="786" ind1="0" ind2=" ">
<subfield code="n">Acta Fisiátrica; v. 29 n. Supl.1 (2022)</subfield>
</datafield>  <datafield tag="546" ind1=" " ind2=" ">
<subfield code="a">por</subfield>
</datafield>   <datafield tag="540" ind1=" " ind2=" ">
<subfield code="a">Copyright (c) 2022 Acta Fisiátrica</subfield>
</datafield>
</record>
</metadata>
</record>